<record><leader>00000cas a22000007a 4500</leader><controlfield tag="001">20378020</controlfield><controlfield tag="008">890921d1uuu19uulauwr ne      0    0ita d</controlfield><datafield ind1=" " ind2=" " tag="010"><subfield code="a">sn 89059359 </subfield></datafield><datafield ind1=" " ind2=" " tag="040"><subfield code="a">LNP</subfield><subfield code="b">eng</subfield><subfield code="c">LNP</subfield><subfield code="d">OCLCQ</subfield><subfield code="d">OCLCF</subfield><subfield code="d">OCLCO</subfield><subfield code="d">OCLCA</subfield></datafield><datafield ind1=" " ind2=" " tag="042"><subfield code="a">msc</subfield></datafield><datafield ind1=" " ind2=" " tag="043"><subfield code="a">n-us-la</subfield></datafield><datafield ind1="0" ind2="2" tag="245"><subfield code="a">L'Italo-Americano di Nuova Orleans.</subfield></datafield><datafield ind1="1" ind2="3" tag="246"><subfield code="a">Italo-Americano</subfield></datafield><datafield ind1=" " ind2=" " tag="260"><subfield code="a">Nuova Orleans, La. :</subfield><subfield code="b">Italo-Americano Pub. Co.</subfield></datafield><datafield ind1=" " ind2=" " tag="300"><subfield code="a">v.</subfield></datafield><datafield ind1=" " ind2=" " tag="310"><subfield code="a">Weekly</subfield></datafield><datafield ind1=" " ind2=" " tag="546"><subfield code="a">In Italian.</subfield></datafield><datafield ind1=" " ind2=" " tag="588"><subfield code="a">Description based on: Anno 18, no. 3 (19 genn. 1902).</subfield></datafield><datafield ind1=" " ind2="0" tag="650"><subfield code="a">Italians</subfield><subfield code="z">Louisiana</subfield><subfield code="z">New Orleans</subfield><subfield code="v">Newspapers.</subfield></datafield><datafield ind1=" " ind2="7" tag="655"><subfield code="a">Newspapers.</subfield><subfield code="2">fast</subfield><subfield code="0">(OCoLC)fst01423814</subfield></datafield><datafield ind1=" " ind2="7" tag="650"><subfield code="a">Italians.</subfield><subfield code="2">fast</subfield><subfield code="0">(OCoLC)fst00980750</subfield></datafield><datafield ind1=" " ind2="7" tag="651"><subfield code="a">Louisiana</subfield><subfield code="z">New Orleans.</subfield><subfield code="2">fast</subfield><subfield code="0">(OCoLC)fst01204311</subfield></datafield><datafield ind1=" " ind2=" " tag="752"><subfield code="a">United States</subfield><subfield code="b">Louisiana</subfield><subfield code="c">Orleans</subfield><subfield code="d">New Orleans.</subfield></datafield><datafield ind1="0" ind2="0" tag="780"><subfield code="t">Italo-Americano (New Orleans, La. : 1884)</subfield><subfield code="w">(DLC)sn 89059358</subfield></datafield><datafield ind1="0" ind2="0" tag="785"><subfield code="t">Italo-Americano (New Orleans, La.)</subfield><subfield code="w">(DLC)sn 83045252</subfield></datafield></record>